@article{eisenbrand2012pope,
  title={Pope Gregory, the Calendar, and Continued Fractions},
  author={Eisenbrand, Friedrich},
  journal={Documenta Mathematica{\textperiodcentered} Extra Volume ISMP},
  pages={87--93},
  year={2012}
}
